@article{majewski1996family,
  title={A family of perfect hashing methods},
  author={Majewski, Bohdan S and Wormald, Nicholas C and Havas, George and Czech, Zbigniew J},
  journal={The Computer Journal},
  volume={39},
  number={6},
  pages={547--554},
  year={1996},
  publisher={Oxford University Press}
}

@article{garber2000denial,
  title={Denial-of-service attacks rip the Internet},
  author={Garber, Lee},
  journal={computer},
  volume={33},
  number={04},
  pages={12--17},
  year={2000},
  publisher={IEEE}
}

@article{mitzenmacher2001power,
  title={The power of two choices in randomized load balancing},
  author={Mitzenmacher, Michael},
  journal={IEEE Transactions on Parallel and Distributed Systems},
  volume={12},
  number={10},
  pages={1094--1104},
  year={2001},
  publisher={IEEE}
}

@inproceedings{chazelle2004bloomier,
  title={The bloomier filter: an efficient data structure for static support lookup tables},
  author={Chazelle, Bernard and Kilian, Joe and Rubinfeld, Ronitt and Tal, Ayellet},
  booktitle={Proc. of ACM/SIAM SODA},
  year={2004},
  pages={30--39}
}

%@ 不引用
@article{matsumoto2008adaptive,
  title={Adaptive Bloom filter: A space-efficient counting algorithm for unpredictable network traffic},
  author={Matsumoto, Yoshihide and Hazeyama, Hiroaki and Kadobayashi, Youki},
  journal={IEICE transactions on information and systems},
  volume={91},
  number={5},
  pages={1292--1299},
  year={2008},
  publisher={The Institute of Electronics, Information and Communication Engineers}
}

@inproceedings{greenberg2009vl2,
  title={VL2: A scalable and flexible data center network},
  author={Greenberg, Albert and Hamilton, James R and Jain, Navendu and Kandula, Srikanth and Kim, Changhoon and Lahiri, Parantap and Maltz, David A and Patel, Parveen and Sengupta, Sudipta},
  booktitle={Proc. of ACM SIGCOMM},
  year={2009},
  pages={51--62}
}

%@ 不引用
@inproceedings{belazzougui2009monotone,
  title={Monotone minimal perfect hashing: searching a sorted table with O (1) accesses},
  author={Belazzougui, Djamal and Boldi, Paolo and Pagh, Rasmus and Vigna, Sebastiano},
  booktitle={Proc. of ACM/SIAM SODA},
  year={2009},
  pages={785--794}
}

@inproceedings{alizadeh2010data,
  title={Data center tcp (dctcp)},
  author={Alizadeh, Mohammad and Greenberg, Albert and Maltz, David A and Padhye, Jitendra and Patel, Parveen and Prabhakar, Balaji and Sengupta, Sudipta and Sridharan, Murari},
  booktitle={Proc. of ACM SIGCOMM},
  year={2010},
  pages={63--74}
}

@inproceedings{curtis2011mahout,
  title={Mahout: Low-overhead datacenter traffic management using end-host-based elephant detection},
  author={Curtis, Andrew R and Kim, Wonho and Yalagandula, Praveen},
  booktitle={Proc. of IEEE INFOCOM},
  year={2011},
  pages={1629--1637}
}

@inproceedings{sharma2011modeling,
  title={Modeling and synthesizing task placement constraints in Google compute clusters},
  author={Sharma, Bikash and Chudnovsky, Victor and Hellerstein, Joseph L and Rifaat, Rasekh and Das, Chita R},
  booktitle={Proc. of ACM SoCC},
  year={2011},
  pages={1--14}
}


@article{patel2013ananta,
  title={Ananta: Cloud scale load balancing},
  author={Patel, Parveen and Bansal, Deepak and Yuan, Lihua and Murthy, Ashwin and Greenberg, Albert and Maltz, David A and Kern, Randy and Kumar, Hemant and Zikos, Marios and Wu, Hongyu and others},
  booktitle={Proc. of ACM SIGCOMM},
  year={2013},
  pages={207--218}
}

@article{geravand2013bloom,
  title={Bloom filter applications in network security: A state-of-the-art survey},
  author={Geravand, Shahabeddin and Ahmadi, Mahmood},
  journal={Computer Networks},
  volume={57},
  number={18},
  pages={4047--4064},
  year={2013},
  publisher={Elsevier}
}

@article{gandhi2014duet,
  title={Duet: Cloud scale load balancing with hardware and software},
  author={Gandhi, Rohan and Liu, Hongqiang Harry and Hu, Y Charlie and Lu, Guohan and Padhye, Jitendra and Yuan, Lihua and Zhang, Ming},
  booktitle={Proc. of ACM SIGCOMM},
  year={2014},
  pages={27--38}
}

@inproceedings{alizadeh2014conga,
  title={CONGA: Distributed congestion-aware load balancing for datacenters},
  author={Alizadeh, Mohammad and Edsall, Tom and Dharmapurikar, Sarang and Vaidyanathan, Ramanan and Chu, Kevin and Fingerhut, Andy and Lam, Vinh The and Matus, Francis and Pan, Rong and Yadav, Navindra and others},
  booktitle={Proc. of ACM SIGCOMM},
  year={2014},
  pages={503--514}
}

@inproceedings{perry2014fastpass,
  title={Fastpass: A centralized" zero-queue" datacenter network},
  author={Perry, Jonathan and Ousterhout, Amy and Balakrishnan, Hari and Shah, Devavrat and Fugal, Hans},
  booktitle={Proc. of ACM SIGCOMM},
  year={2014},
  pages={307--318}
}

@article{garg2014sla,
  title={SLA-based virtual machine management for heterogeneous workloads in a cloud datacenter},
  author={Garg, Saurabh Kumar and Toosi, Adel Nadjaran and Gopalaiyengar, Srinivasa K and Buyya, Rajkumar},
  journal={Journal of Network and Computer Applications},
  volume={45},
  pages={108--120},
  year={2014},
  publisher={Elsevier}
}

@article{he2015presto,
  title={Presto: Edge-based load balancing for fast datacenter networks},
  author={He, Keqiang and Rozner, Eric and Agarwal, Kanak and Felter, Wes and Carter, John and Akella, Aditya},
  booktitle={Proc. of ACM SIGCOMM},
  year={2015},
  pages={465--478}
}

@inproceedings{ghorbani2015micro,
  title={Micro load balancing in data centers with DRILL},
  author={Ghorbani, Soudeh and Godfrey, Brighten and Ganjali, Yashar and Firoozshahian, Amin},
  booktitle={Proc. of ACM HotNets},
  year={2015},
  pages={1--7}
}

@inproceedings{gandhi2015rubik,
  title={Rubik: Unlocking the power of locality and end-point flexibility in cloud scale load balancing},
  author={Gandhi, Rohan and Hu, Y Charlie and Koh, Cheng-kok and Liu, Hongqiang Harry and Zhang, Ming},
  booktitle={Proc. of USENIX ATC},
  year={2015},
  pages={473--485}
}

@article{xiao2015detecting,
  title={Detecting DDoS attacks against data center with correlation analysis},
  author={Xiao, Peng and Qu, Wenyu and Qi, Heng and Li, Zhiyang},
  journal={Computer Communications},
  volume={67},
  pages={66--74},
  year={2015},
  publisher={Elsevier}
}

@inproceedings{eisenbud2016maglev,
  title={Maglev: A fast and reliable software network load balancer},
  author={Eisenbud, Danielle E and Yi, Cheng and Contavalli, Carlo and Smith, Cody and Kononov, Roman and Mann-Hielscher, Eric and Cilingiroglu, Ardas and Cheyney, Bin and Shang, Wentao and Hosein, Jinnah Dylan},
  booktitle={Proc. of USENIX NSDI},
  year={2016},
  pages={523--535}
}

@inproceedings{katta2016hula,
  title={Hula: Scalable load balancing using programmable data planes},
  author={Katta, Naga and Hira, Mukesh and Kim, Changhoon and Sivaraman, Anirudh and Rexford, Jennifer},
  booktitle={Proc. of ACM SOSR},
  year={2016},
  pages={1--12}
}

@inproceedings{katta2016clove,
  title={CLOVE: How I learned to stop worrying about the core and love the edge},
  author={Katta, Naga and Hira, Mukesh and Ghag, Aditi and Kim, Changhoon and Keslassy, Isaac and Rexford, Jennifer},
  booktitle={Proc. of ACM HotNets},
  year={2016},
  pages={155--161}
}

@inproceedings{bonomi2006improved,
  title={An improved construction for counting bloom filters},
  author={Bonomi, Flavio and Mitzenmacher, Michael and Panigrahy, Rina and Singh, Sushil and Varghese, George},
  booktitle={Annual European Symposium},
  year={2006},
  pages={684--695},
  organization={Springer}
} 

@inproceedings{miao2017silkroad,
  title={Silkroad: Making stateful layer-4 load balancing fast and cheap using switching asics},
  author={Miao, Rui and Zeng, Hongyi and Kim, Changhoon and Lee, Jeongkeun and Yu, Minlan},
  booktitle={Proc. of ACM SIGCOMM},
  year={2017},
  pages={15--28}
}

@inproceedings{yu2017sdlb,
  title={SDLB: A scalable and dynamic software load balancer for fog and mobile edge computing},
  author={Yu, Ye and Li, Xin and Qian, Chen},
  booktitle={Proc. of ACM MECOMM},
  year={2017},
  pages={55--60}
}

@inproceedings{ghorbani2017drill,
  title={Drill: Micro load balancing for low-latency data center networks},
  author={Ghorbani, Soudeh and Yang, Zibin and Godfrey, P Brighten and Ganjali, Yashar and Firoozshahian, Amin},
  booktitle={Proc. of ACM SIGCOMM},
  year={2017},
  pages={225--238}
}

@inproceedings{langley2017quic,
  title={The quic transport protocol: Design and internet-scale deployment},
  author={Langley, Adam and Riddoch, Alistair and Wilk, Alyssa and Vicente, Antonio and Krasic, Charles and Zhang, Dan and Yang, Fan and Kouranov, Fedor and Swett, Ian and Iyengar, Janardhan and others},
  booktitle={Proc. of ACM SIGCOMM},
  year={2017},
  pages={183--196}
}

@inproceedings{lin2017enabling,
  title={Enabling network function virtualization over heterogeneous resources},
  author={Lin, Thomas and Tarafdar, Naif and Park, Byungchul and Chow, Paul and Leon-Garcia, Alberto},
  booktitle={Proc. of IEEE APNOMS},
  year={2017},
  pages={58--63}
}

@inproceedings{yu2017othello,
  title={Othello Hashing for Scalable and Fast Name Switching},
  author={Yu, Ye and Belazzougui, Djamal and Qian, Chen and Zhang, Qin},
  booktitle={Proc. of IEEE ICNP},
  year={2017}
}

@inproceedings{olteanu2018stateless,
  title={Stateless datacenter load-balancing with beamer},
  author={Olteanu, Vladimir and Agache, Alexandru and Voinescu, Andrei and Raiciu, Costin},
  booktitle={Proc. of USENIX NSDI},
  year={2018},
  pages={125--139}
}

@inproceedings{araujo2018balancing,
  title={Balancing on the edge: Transport affinity without network state},
  author={Ara{\'u}jo, Jo{\~a}o Taveira and Saino, Lorenzo and Buytenhek, Lennert and Landa, Raul},
  booktitle={Proc. of USENIX NSDI},
  year={2018},
  pages={111--124}
}

@article{yu2018memory,
  title={Memory-efficient and ultra-fast network lookup and forwarding using Othello hashing},
  author={Yu, Ye and Belazzougui, Djamal and Qian, Chen and Zhang, Qin},
  journal={IEEE/ACM Transactions on Networking},
  volume={26},
  number={3},
  pages={1151--1164},
  year={2018},
  publisher={IEEE}
}

@inproceedings{montazeri2018homa,
  title={Homa: A receiver-driven low-latency transport protocol using network priorities},
  author={Montazeri, Behnam and Li, Yilong and Alizadeh, Mohammad and Ousterhout, John},
  booktitle={Proc. of ACM SIGCOMM},
  year={2018},
  pages={221--235}
}



@inproceedings{liu2019distcache,
  title={$\{$DistCache$\}$: Provable Load Balancing for $\{$Large-Scale$\}$ Storage Systems with Distributed Caching},
  author={Liu, Zaoxing and Bai, Zhihao and Liu, Zhenming and Li, Xiaozhou and Kim, Changhoon and Braverman, Vladimir and Jin, Xin and Stoica, Ion},
  booktitle={Proc. of USENIX FAST},
  year={2019},
  pages={143--157}
}


@article{aghdai2020spotlight,
  title={Spotlight: Scalable transport layer load balancing for data center networks},
  author={Aghdai, Ashkan and Chu, Cing-Yu and Xu, Yang and Dai, David H and Xu, Jun and Chao, H Jonathan},
  journal={IEEE Transactions on Cloud Computing},
  volume={10},
  number={3},
  pages={2131--2145},
  year={2020},
  publisher={IEEE}
}

@inproceedings{shi2020concury,
  title={Concury: A fast and light-weight software cloud load balancer},
  author={Shi, Shouqian and Yu, Ye and Xie, Minghao and Li, Xin and Li, Xiaozhou and Zhang, Ying and Qian, Chen},
  booktitle={Proc. of ACM SoCC},
  year={2020},
  pages={179--192}
}

@article{zhang2020fast,
  title={Fast switch-based load balancer considering application server states},
  author={Zhang, Jiao and Wen, Shubo and Zhang, Jinsheng and Chai, Hua and Pan, Tian and Huang, Tao and Zhang, Linquan and Liu, Yunjie and Yu, F Richard},
  journal={IEEE/ACM Transactions on Networking},
  volume={28},
  number={3},
  pages={1391--1404},
  year={2020},
  publisher={IEEE}
}

@inproceedings{barbette2020high,
  title={A $\{$High-Speed$\}$$\{$Load-Balancer$\}$ Design with Guaranteed $\{$Per-Connection-Consistency$\}$},
  author={Barbette, Tom and Tang, Chen and Yao, Haoran and Kosti{\'c}, Dejan and Maguire Jr, Gerald Q and Papadimitratos, Panagiotis and Chiesa, Marco},
  booktitle={Proc. of USENIX NSDI},
  year={2020},
  pages={667--683}
}

@article{barbette2021cheetah,
  title={Cheetah: A high-speed programmable load-balancer framework with guaranteed per-connection-consistency},
  author={Barbette, Tom and Wu, Erfan and Kosti{\'c}, Dejan and Maguire, Gerald Q and Papadimitratos, Panagiotis and Chiesa, Marco},
  journal={IEEE/ACM Transactions on Networking},
  volume={30},
  number={1},
  pages={354--367},
  year={2021},
  publisher={IEEE}
}

@inproceedings{rizzi2021charon,
  title={Charon: Load-aware load-balancing in p4},
  author={Rizzi, Carmine and Yao, Zhiyuan and Desmouceaux, Yoann and Townsley, Mark and Clausen, Thomas},
  booktitle={International Conference on Network and Service Management},
  pages={91--97},
  year={2021},
  organization={IEEE}
}

@inproceedings{zhang2021loom,
  title={Loom: Switch-based cloud load balancer with compressed states},
  author={Zhang, Jiao and Gao, Yuxuan and Wen, Shubo and Pan, Tian and Huang, Tao},
  booktitle={Proc. of IEEE ICNP},
  year={2021},
  pages={1--11}
}

@inproceedings{abdelmoniem2021towards,
  title={Towards mitigating device heterogeneity in federated learning via adaptive model quantization},
  author={Abdelmoniem, Ahmed M and Canini, Marco},
  booktitle={Proc. of ACM EuroMLSys},
  year={2021},
  pages={96--103}
}

@inproceedings{zeng2022tiara,
  title={Tiara: A scalable and efficient hardware acceleration architecture for stateful layer-4 load balancing},
  author={Zeng, Chaoliang and Luo, Layong and Zhang, Teng and Wang, Zilong and Li, Luyang and Han, Wenchen and Chen, Nan and Wan, Lebing and Liu, Lichao and Ding, Zhipeng and others},
  booktitle={Proc. of USENIX NSDI},
  year={2022},
  pages={1345--1358}
}

@article{yao2022hlb,
  title={Hlb: Toward load-aware load balancing},
  author={Yao, Zhiyuan and Desmouceaux, Yoann and Cordero-Fuertes, Juan-Antonio and Townsley, Mark and Clausen, Thomas},
  journal={IEEE/ACM Transactions on Networking},
  volume={30},
  number={6},
  pages={2658--2673},
  year={2022},
  publisher={IEEE}
}

@inproceedings{guo2022libra,
  title={Libra: a stateful Layer-4 load balancer with fair load distribution},
  author={Guo, Xingong and Zhu, Longlong and Zhang, Dong and Wu, Chunming},
  booktitle={Proc. of IEEE IPCCC},
  year={2022},
  pages={246--253}
}

@article{liu2023burstbalancer,
  title={Burstbalancer: Do less, better balance for large-scale data center traffic},
  author={Liu, Zirui and Zhao, Yikai and Fan, Zhuochen and Yang, Tong and Li, Xiaodong and Zhang, Ruwen and Yang, Kaicheng and Jiang, Zihan and Zhong, Zheng and Huang, Yi and others},
  journal={IEEE Transactions on Parallel and Distributed Systems},
  year={2023}
}

@misc{pktgenDPDK,
  author= {Pktgen-DPDK},
  howpublished= {\url{https://github.com/pktgen/Pktgen-DPDK}}
}

@misc{hopps2019katran,
  title={Katran},
  howpublished = {\url{https://github.com/facebookincubator/katran}}
}

@misc{barefoot2019,
    author = {Barefoot},
    howpublished = {\url{https://www.barefootnetworks.com/products/brief-tofino/}}
}

@misc{concury2019,
  author = {Concury},
  howpublished = {\url{https://www.dropbox.com/s/ruou2l340uu1f4u/concury%20code.zip}}
}

@misc{glozer2020wrk,
  author = {WRK},
  howpublished = {\url{https://github.com/wg/wrk}}
}

@misc{cheetah,
    author = {Cheetah},
    howpublished = {\url{https://github.com/cheetahlb/}}
}

@Comment{jabref-meta:databaseType:bibtex;}


